@article{braun2013trust,
  title={Trust Views for the Web PKI},
  author={Braun, Johannes and Volk, Florian and Buchmann, Johannes and Mühlhäuser, Max},
  year={2013}
}

@misc{jsm,
  author = {{Mozilla Developer Network}},
  title = {{Using JavaScript code modules}},
  howpublished = "\url{https://developer.mozilla.org/en-US/docs/Mozilla/JavaScript_code_modules/Using}",
  note = "[online, accessed 14-March-2014]"
}

@misc{progressListener,
  author = {{Mozilla Developer Network}},
  title = {{nsIWebProgressListener}},
  howpublished = "\url{https://developer.mozilla.org/en-US/docs/XPCOM_Interface_Reference/nsIWebProgressListener}",
  note = "[online, accessed 14-March-2014]"
}

@misc{allTabs,
  author = {{Mozilla Developer Network}},
  title = {{Listening to events on all tabs}},
  howpublished = "\url{https://developer.mozilla.org/en-US/docs/Listening_to_events_on_all_tabs}",
  note = "[online, accessed 14-March-2014]"
}

@misc{DER,
  author = {{Wikipedia}},
  title = {{Abstract Syntax Notation One}},
  howpublished = "\url{https://de.wikipedia.org/wiki/Abstract_Syntax_Notation_One}",
  note = "[online, accessed 15-March-2014]"
}

@misc{httpRequest,
  author = {{Mozilla Developer Network}},
  title = {{Using XMLHttpRequest}},
  howpublished = "\url{https://developer.mozilla.org/en-US/docs/Web/API/XMLHttpRequest/Using_XMLHttpRequest}",
  note = "[online, accessed 15-March-2014]"
}
